@string{apl = {Appl. Phys. Lett.}}
@string{arpc = {Annu. Rev. Phys. Chem.}}
@string{assp = {Adv. Solid State Phys.}}
@string{cise = {Computing in Science and Eng.}}
@string{cpl = {Chem. Phys. Lett.}}
@string{epl = {Europhys. Lett.}}
@string{ijqc = {Int. J. Quant. Chem.}}
@string{jap = {J. Appl. Phys.}}
@string{jce = {J. Comput. Electron.}}
@string{jcg = {J. Cryst. Growth}}
@string{jcp = {J. Chem. Phys.}}
@string{jem = {J. Elec. Mat.}}
@string{jltp = {J. of Low Temp. Phys.}}
@string{jp = {J. Physique}}
@string{jpc = {J. Phys. Chem.}}
@string{jpcb = {J. Phys. Chem. B}}
@string{jpcm = {J. Phys.: Condens. Matter}}
@string{jsp = {J. Stat. Phys.}}
@string{mrs = {MRS Bull.}}
@string{nature = {Nature}}
@string{npa = {Nuc. Phys. A}}
@string{pe = {Physica E}}
@string{pla = {Phys. Lett. A}}
@string{plb = {Phys. Lett. B}}
@string{pnas = {Proc. Nat. Acad. Sci.}}
@string{pr = {Phys. Rev}}
@string{pra = {Phys. Rev. A}}
@string{prb = {Phys. Rev. B}}
@string{prc = {Phys. Rev. C}}
@string{prd = {Phys. Rev. D}}
@string{pre = {Phys. Rev. E}}
@string{prl = {Phys. Rev. Lett.}}
@string{pssa = {Phys. Stat. Sol. (a)}}
@string{pssb = {Phys. Stat. Sol. (b)}}
@string{rmp = {Rev. Mod. Phys.}}
@string{science = {Science}}
@string{sm = {Superlattices and Microstructures}}
@string{ssc = {Solid State Comm.}}
@string{sst = {Semicond. Sci. Technol.}}

@incollection{white1998signature,
  title={Signature lipid biomarker analysis},
  booktitle={Techniques in microbial ecology},
  author={White, DAVID C and Ringelberg,
  DAVID B},
  editor={Burlage, Robert S and Atlas, Ronald and Stahl, David and Geesey, Gill and Sayler, Gary},
  volume={255},
  pages={255--272},
  year={1998},
  publisher={Oxford University Press: New York}
}

@article{wormer2013application,
  title={Application of two new {LC}--{ESI}--{MS} methods for improved detection of intact polar lipids ({IPLs}) in environmental samples},
  author={W{\"o}rmer, Lars and Lipp, Julius S and Schr{\"o}der, Jan M and Hinrichs, Kai-Uwe},
  journal={Organic Geochemistry},
  volume={59},
  pages={10--21},
  year={2013},
  publisher={Elsevier}
}

@book{Walpole_Probability_2012,
  author={Walpole, Ronald E. and Myers, Raymond H. and Myers, Sharon L. and Ye, Keying},
  publisher={Prentice Hall, Boston, MA},
  year={2012},
  edition={9th},
  file={C:\Users\gmboy\Desktop\Unsorted References\probability-statistics-for-engineers-scientists-9th-edition-walpole.pdf},
  title={Probability and Statistics for Engineers and the Scientists},
  isbn={0-321-62911-6}
}

@article{karlsson1998molecular,
  title={Molecular species of sphingomyelin: {D}etermination by high-performance liquid chromatography/mass spectrometry with electrospray and high-performance liquid chromatography/tandem mass spectrometry with atmospheric pressure chemical ionization},
  author={Karlsson, Anders {\AA} and Mich{\'e}lsen, Peter and Odham, G{\"o}ran},
  journal={Journal of Mass Spectrometry},
  volume={33},
  number={12},
  pages={1192--1198},
  year={1998},
  publisher={Wiley Online Library}
}

@article{hopmans2000analysis,
  title={Analysis of intact tetraether lipids in archaeal cell material and sediments by high performance liquid chromatography/atmospheric pressure chemical ionization mass spectrometry},
  author={Hopmans, Ellen C and Schouten, Stefan and Pancost, Richard D and van der Meer, Marcel TJ and Sinninghe Damst{\'e}, Jaap S},
  journal={Rapid Communications in Mass Spectrometry},
  volume={14},
  number={7},
  pages={585--589},
  year={2000},
  publisher={Wiley Online Library}
}

@article{Sturt_Intact_2004,
  title={Intact polar membrane lipids in prokaryotes and sediments deciphered by high-performance liquid chromatography/electrospray ionization multistage mass spectrometry-new biomarkers for biogeochemistry and microbial ecology},
  author={Sturt, Helen F and Summons, Roger E and Smith, Kristin and Elvert, Marcus and Hinrichs, Kai-Uwe},
  journal={Rapid Communications in Mass Spectrometry},
  volume={18},
  number={6},
  pages={617--628},
  year={2004},
  publisher={Wiley Online Library}
}


@article{sommer2006lc,
  title={LC-MS-based method for the qualitative and quantitative analysis of complex lipid mixtures},
  author={Sommer, Ulf and Herscovitz, Haya and Welty, Francine K and Costello, Catherine E},
  journal={Journal of lipid research},
  volume={47},
  number={4},
  pages={804--814},
  year={2006},
  publisher={ASBMB}
}


@article{Schouten_Archaeal_2007,
  journal={Appl Environ Microb},
  author={Schouten, Stefan and Meer, Marcel and Hopmans, Ellen and Rijpstra, W. and Reysenbach, {Anna-Louise} and Ward, David and Damst{\'e}, Jaap},
  title={Archaeal and Bacterial Glycerol Dialkyl Glycerol Tetraether Lipids in Hot Springs of Yellowstone National Park},
  pages={6181-6191},
  file={C:\Users\gmboy\Desktop\References\Schouten et al-2007-Appl Environ Microb.pdf;C:\Users\gmboy\Desktop\References\Schouten et al-2007-Appl Environ Microb - supplement.pdf},
  volume={73},
  abstract={Glycerol dialkyl glycerol tetraethers {(GDGTs)} are core membrane lipids originally thought to be produced mainly by (hyper)thermophilic archaea. Environmental screening of low-temperature environments showed, however, the abundant presence of structurally diverse {GDGTs} from both bacterial and archaeal sources. In this study, we examined the occurrences and distribution of {GDGTs} in hot spring environments in Yellowstone National Park with high temperatures (47 to {83{\textdegree}C)} and mostly neutral to alkaline {pHs.} {GDGTs} with 0 to 4 cyclopentane moieties were dominant in all samples and are likely derived from both (hyper)thermophilic Crenarchaeota and Euryarchaeota. {GDGTs} with 4 to 8 cyclopentane moieties, likely derived from the crenarchaeotal order Sulfolobales and the euryarchaeotal order Thermoplasmatales, are usually present in much lower abundance, consistent with the relatively high {pH} values of the hot springs. The relative abundances of cyclopentane-containing {GDGTs} did not correlate with in situ temperature and {pH,} suggesting that other environmental and possibly genetic factors play a role as well. Crenarchaeol, a biomarker thought to be specific for nonthermophilic group I Crenarchaeota, was also found in most hot springs, though in relatively low concentrations, i.e., \{\textless\}5\% of total {GDGTs.} Its abundance did not correlate with temperature, as has been reported previously. Instead, the cooccurrence of relatively abundant nonisoprenoid {GDGTs} thought to be derived from soil bacteria suggests a predominantly allochthonous source for crenarchaeol in these hot spring environments. Finally, the distribution of bacterial branched {GDGTs} suggests that they may be derived from the geothermally heated soils surrounding the hot springs.},
  number={19},
  year={2007},
  doi={10.1128/AEM.00630-07},
  pmid={17693566},
  issn={0099-2240}
}

@article{schwalbe2010separation,
  title={Separation of phospholipid classes by hydrophilic interaction chromatography detected by electrospray ionization mass spectrometry},
  author={Schwalbe-Herrmann, Miriam and Willmann, Jan and Leibfritz, Dieter},
  journal={Journal of Chromatography A},
  volume={1217},
  number={32},
  pages={5179--5183},
  year={2010},
  publisher={Elsevier}
}

@article{Yoshinaga_Systematic_2011,
  title={Systematic fragmentation patterns of archaeal intact polar lipids by high-performance liquid chromatography/electrospray ionization ion-trap mass spectrometry},
  author={Yoshinaga, Marcos Y and Kellermann, Matthias Y and Rossel, Pamela E and Schubotz, Florence and Lipp, Julius S and Hinrichs, Kai-Uwe},
  journal={Rapid Communications in Mass Spectrometry},
  volume={25},
  number={23},
  pages={3563--3574},
  year={2011},
  publisher={Wiley Online Library}
}


@article{Liu_Extending_2012,
  journal={Rapid Commun Mass Sp},
  author={Liu, {Xiao‐Lei} and Summons, Roger and Hinrichs, {Kai‐Uwe}},
  title={Extending the known range of glycerol ether lipids in the environment: structural assignments based on tandem mass spectral fragmentation patterns},
  pages={2295-2302},
  file={C:\Users\gmboy\Desktop\References\Liu et al-2012-Rapid Commun Mass Sp.pdf},
  volume={26},
  abstract={Glycerol-based alkyl ether lipids are ubiquitous components in marine sediments. In order to explore their structural diversity and biological sources, marine sediment samples from diverse environments were analyzed and the mass spectra of widely distributed, novel glycerol di- and tetraethers were examined systematically. Lipid extracts of twelve globally distributed marine subsurface sediments were analyzed by atmospheric pressure chemical ionization mass spectrometry {(APCI-MS).} Tandem mass {(MS/MS)} spectra of compounds were obtained with a quadrupole time-of-flight {(qTOF)} mass spectrometer. In addition to the well-established isoprenoidal glycerol dialkyl glycerol tetraether (isoprenoidal {GDGT)} and branched {GDGT,} suites of novel lipids were detected in all studied samples. These lipids include the following classes of tentatively identified compounds: isoprenoidal glycerol dialkanol diether (isoprenoidal {GDD),} hydroxylated isoprenoidal {GDGT} {(OH-GDGT),} hybrid isoprenoidal/branched {GDGT} {(IB-GDGT),} hydroxylated isoprenoidal {GDD} {(OH-GDD),} overly branched {GDGT} {(OB-GDGT),} sparsely branched {GDGT} {(SB-GDGT)} and an abundant H-shaped {GDGT} with the {[M+H]+} ion of m/z 1020 {(H-1020).} Characteristic {MS/MS} fragmentation patterns provided mass spectral 'fingerprints' for the recognition of diverse and prominent glycerol ether lipids. The ubiquitous distribution and substantial abundance of these glycerol ethers, as well as their structural variability, suggest a significant ecological role of their source organisms in various marine environments. Copyright {\textcopyright} 2012 John Wiley \& Sons, Ltd.},
  number={19},
  year={2012},
  doi={10.1002/rcm.6355},
  pmid={22956321},
  issn={1097-0231}
}

@article{lincoln2013archaeal,
  title={Archaeal and bacterial glycerol dialkyl glycerol tetraether lipids in chimneys of the Lost City Hydrothermal Field},
  author={Lincoln, Sara A and Bradley, Alexander S and Newman, Sharon A and Summons, Roger E},
  journal={Organic geochemistry},
  volume={60},
  pages={45--53},
  year={2013},
  publisher={Elsevier}
}


@article{schubotz2013spatial,
  title={Spatial and temporal variability of biomarkers and microbial diversity reveal metabolic and community flexibility in {Streamer Biofilm Communities in the Lower Geyser Basin, Yellowstone National Park}},
  author={Schubotz, Florence and {Meyer-Dombard}, DR and Bradley, AS and Fredricks, HF and Hinrichs, {K-U} and Shock, EL and Summons, RE},
  journal={Geobiology},
  volume={11},
  number={6},
  pages={549--569},
  year={2013},
  publisher={Wiley Online Library}
}

@article{schubotz2015stable,
  title={Stable isotope labeling confirms mixotrophic nature of streamer biofilm communities at alkaline hot springs},
  author={Schubotz, Florence and Hays, Lindsay E and D'Arcy, R and Gillespie, Aimee and Shock, Everett L and Summons, Roger E},
  journal={Frontiers in Microbiology},
  volume={6},
  year={2015},
  publisher={Frontiers Media SA}
}

@article{moore2013novel,
  title={Novel mono-, di-, and trimethylornithine membrane lipids in northern wetland planctomycetes},
  author={Moore, Eli K and Hopmans, Ellen C and Rijpstra, W Irene C and Villanueva, Laura and Dedysh, Svetlana N and Kulichevskaya, Irina S and Wienk, Hans and Schoutsen, Frans and Damst{\'e}, Jaap S Sinninghe},
  journal={Applied and Environmental Microbiology},
  volume={79},
  number={22},
  pages={6874--6884},
  year={2013},
  publisher={Am Soc Microbiol}
}

@article{yang2006structural,
  title={Structural elucidation of phosphoglycolipids from strains of the bacterial thermophiles \textit{Thermus} and \textit{Meiothermus}},
  author={Yang, Yu-Liang and Yang, Feng-Ling and Jao, Shu-Chuan and Chen, Mao-Yen and Tsay, San-San and Zou, Wei and Wu, Shih-Hsiung},
  journal={Journal of Lipid Research},
  volume={47},
  number={8},
  pages={1823--1832},
  year={2006},
  publisher={ASBMB}
}

@article{ferreira1999characterization,
  title={Characterization of glycolipids from \textit{Meiothermus} spp.},
  author={Ferreira, Ana Margarida and Wait, Robin and Nobre, M Fernanda and da Costa, Milton S},
  journal={Microbiology},
  volume={145},
  number={5},
  pages={1191--1199},
  year={1999},
  publisher={Microbiology Society}
}

@article{benson1959sulfolipid,
  title={A sulfolipid in plants},
  author={Benson, AA and Daniel, H and Wiser, R},
  journal={Proceedings of the National Academy of Sciences},
  volume={45},
  number={11},
  pages={1582--1587},
  year={1959},
  publisher={National Acad Sciences}
}

@article{wang2015improved,
  title={Improved method for quantitative analysis of methylated phosphatidylethanolamine species and its application for analysis of diabetic-mouse liver samples},
  author={Wang, Miao and Kim, Geun Hyang and Wei, Fang and Chen, Hong and Altarejos, Judith and Han, Xianlin},
  journal={Analytical and Bioanalytical Chemistry},
  volume={407},
  number={17},
  pages={5021--5032},
  year={2015},
  publisher={Springer}
}

@article{diercks2015accumulation,
  title={Accumulation of novel glycolipids and ornithine Lipids in \textit{Mesorhizobium loti} under phosphate deprivation},
  author={Diercks, Hannah and Semeniuk, Adrian and Gisch, Nicolas and Moll, Hermann and Duda, Katarzyna A and H{\"o}lzl, Georg},
  journal={Journal of Bacteriology},
  volume={197},
  number={3},
  pages={497--509},
  year={2015},
  publisher={Am Soc Microbiol}
}

@article{benning1995accumulation,
  title={Accumulation of a novel glycolipid and a betaine lipid in cells of \textit{Rhodobacter sphaeroides} grown under phosphate limitation},
  author={Benning, Christoph and Huang, Zhi-Heng and Gage, Douglas A},
  journal={Archives of Biochemistry and Biophysics},
  volume={317},
  number={1},
  pages={103--111},
  year={1995},
  publisher={Elsevier}
}

@article{zhang2009characterization,
  title={Characterization of ornithine and glutamine lipids extracted from cell membranes of \textit{Rhodobacter sphaeroides}},
  author={Zhang, Xi and Ferguson-Miller, Shelagh M and Reid, Gavin E},
  journal={Journal of the American Society for Mass Spectrometry},
  volume={20},
  number={2},
  pages={198--212},
  year={2009},
  publisher={Elsevier}
}

@article{cox2011transition,
  title={The transition to microbial photosynthesis in hot spring ecosystems},
  author={Cox, Alysia and Shock, Everett L and Havig, Jeff R},
  journal={Chemical Geology},
  volume={280},
  number={3},
  pages={344--351},
  year={2011},
  publisher={Elsevier}
}

@article{loiacono2012evidence,
  title={Evidence for high-temperature in situ nif{H} transcription in an alkaline hot spring of {L}ower {G}eyser {B}asin, {Y}ellowstone {N}ational {P}ark},
  author={Loiacono, Sara T and Meyer-Dombard, D'Arcy R and Havig, Jeff R and Poret-Peterson, Amisha T and Hartnett, Hilairy E and Shock, Everett L},
  journal={Environmental Microbiology},
  volume={14},
  number={5},
  pages={1272--1283},
  year={2012},
  publisher={Wiley Online Library}
}

@article{bligh1959rapid,
  title={A rapid method of total lipid extraction and purification},
  author={Bligh, E Graham and Dyer, W Justin},
  journal={Canadian journal of biochemistry and physiology},
  volume={37},
  number={8},
  pages={911--917},
  year={1959},
  publisher={NRC Research Press}
}

@article{nishihara1987extraction,
  title={Extraction and composition of polar lipids from the archaebacterium, \textit{Methanobacterium thermoautotrophicum}: effective extraction of tetraether lipids by an acidified solvent},
  author={Nishihara, Masateru and Koga, Yosuke},
  journal={The Journal of Biochemistry},
  volume={101},
  number={4},
  pages={997--1005},
  year={1987},
  publisher={Oxford University Press}
}

@article{grogan1997cyclopropane,
  title={Cyclopropane ring formation in membrane lipids of bacteria},
  author={Grogan, Dennis W and Cronan, John E},
  journal={Microbiology and Molecular Biology Reviews},
  volume={61},
  number={4},
  pages={429--441},
  year={1997},
  publisher={Am Soc Microbiol}
}

@article{kaur2015temperature,
  title={{Temperature and pH control on lipid composition of silica sinters from diverse hot springs in the Taupo Volcanic Zone, New Zealand}},
  author={Kaur, Gurpreet and Mountain, Bruce W and Stott, Matthew B and Hopmans, Ellen C and Pancost, Richard D},
  journal={Extremophiles},
  volume={19},
  number={2},
  pages={327--344},
  year={2015},
  publisher={Springer}
}

@article{weijers2006membrane,
  title={Membrane lipids of mesophilic anaerobic bacteria thriving in peats have typical archaeal traits},
  author={Weijers, Johan WH and Schouten, Stefan and Hopmans, Ellen C and Geenevasen, Jan AJ and David, Olivier RP and Coleman, Joanna M and Pancost, Rich D and Sinninghe Damst{\'e}, Jaap S},
  journal={Environmental Microbiology},
  volume={8},
  number={4},
  pages={648--657},
  year={2006},
  publisher={Wiley Online Library}
}

@article{shock1995organic,
  title={Organic acids in hydrothermal solutions: standard molal thermodynamic properties of carboxylic acids and estimates of dissociation constants at high temperatures and pressures},
  author={Shock, Everett L},
  journal={American Journal of Science},
  volume={295},
  number={5},
  pages={496--580},
  year={1995}
}

@article{khan1992henry,
  title={Henry's law constants of low molecular weight ($<$ 130) organic acids},
  author={Khan, I and Brimblecombe, P},
  journal={Journal of Aerosol Science},
  volume={23},
  pages={897--900},
  year={1992},
  publisher={Elsevier}
}

@article{plyasunova2004database,
  title={Database of thermodynamic properties for aqueous organic compounds},
  author={Plyasunova, NV and Plyasunov, AV and Shock, EL},
  journal={International Journal of Thermophysics},
  volume={25},
  number={2},
  pages={351--360},
  year={2004},
  publisher={Springer}
}

@article{cabani1981group,
  title={Group contributions to the thermodynamic properties of non-ionic organic solutes in dilute aqueous solution},
  author={Cabani, Sergio and Gianni, Paolo and Mollica, Vincenzo and Lepori, Luciano},
  journal={Journal of Solution Chemistry},
  volume={10},
  number={8},
  pages={563--595},
  year={1981},
  publisher={Springer}
}

@misc{sedlbauer2012database,
  title={{Database on the infinite dilution partial molar Gibbs energies of hydration of aqueous organic nonelectrolytes}},
  author={Sedlbauer, J.},
  note={URL:http://www.kch.tul.cz/texty/sedlbauer/gorg.nb},
  year={Updated 2012}
}

@article{sedlbauer2002group,
  title={{Group contribution method for Henry's Law constant of aqueous hydrocarbons}},
  author={Sedlbauer, Josef and Bergin, Gaetan and Majer, Vladimir},
  journal={American Institute of Chemical Engineers Journal},
  volume={48},
  number={12},
  pages={2936--2959},
  year={2002},
  publisher={Wiley Online Library}
}

@article{dick2006temperature,
  title={Temperature, pressure, and electrochemical constraints on protein speciation: Group additivity calculation of the standard molal thermodynamic properties of ionized unfolded proteins},
  author={Dick, Jeffrey M and LaRowe, Douglas E and Helgeson, Harold C},
  journal={Biogeosciences},
  volume={3},
  number={3},
  pages={311--336},
  year={2006}
}

@article{domalski1993estimation,
  title={Estimation of the Thermodynamic Properties of {C-H-N-O-S}-Halogen Compounds at 298.15 {K}},
  author={Domalski, Eugene S and Hearing, Elizabeth D},
  journal={Journal of Physical and Chemical Reference Data},
  volume={22},
  number={4},
  pages={805--1159},
  year={1993},
  publisher={NIST}
}

@article{plyasunov2004group,
  title={{Group contribution values for the thermodynamic functions of hydration of aliphatic esters at 298.15 K, 0.1 MPa}},
  author={Plyasunov, Andrey V and Plyasunova, Natalia V and Shock, Everett L},
  journal={Journal of Chemical \& Engineering Data},
  volume={49},
  number={5},
  pages={1152--1167},
  year={2004},
  publisher={ACS Publications}
}

@book{cox1989codata,
  title={CODATA key values for thermodynamics},
  author={Cox, JD and Wagman, Donald D and Medvedev, Vadim Andreevich},
  year={1989},
  publisher={Chem/Mats-Sci/E}
}

@article{plyasunov2001correlation,
  title={{Correlation strategy for determining the parameters of the revised Helgeson-Kirkham-Flowers model for aqueous nonelectrolytes}},
  author={Plyasunov, Andrey V and Shock, Everett L},
  journal={Geochimica et Cosmochimica Acta},
  volume={65},
  number={21},
  pages={3879--3900},
  year={2001},
  publisher={Elsevier}
}

@article{dick2017equilibrium,
  title={Equilibrium in {CHNOSZ}},
  author={Dick, Jeffrey M},
  year={2017}
}

@article{dick2008calculation,
  title={Calculation of the relative metastabilities of proteins using the {CHNOSZ} software package},
  author={Dick, Jeffrey M},
  journal={Geochemical Transactions},
  volume={9},
  number={1},
  year={2008},
  publisher={Springer}
}

@article{havig2011merging,
  title={Merging isotopes and community genomics in a siliceous sinter-depositing hot spring},
  author={Havig, Jeff R and Raymond, Jason and Meyer-Dombard, D'Arcy R and Zolotova, Natalya and Shock, Everett L},
  journal={Journal of Geophysical Research: Biogeosciences},
  volume={116},
  number={G1},
  year={2011},
  publisher={Wiley Online Library}
}

@article{tanger1988calculation,
  title={Calculation of the thermodynamic and transport properties of aqueous species at high pressures and temperatures; revised equations of state for the standard partial molal properties of ions and electrolytes},
  author={Tanger, John C and Helgeson, Harold C},
  journal={American Journal of Science},
  volume={288},
  number={1},
  pages={19--98},
  year={1988},
  publisher={American Journal of Science}
}

@article{lian1982polyol,
  title={Polyol—-Water Interactions as Reflected by Aqueous Heat Capacity Values},
  author={Lian, YN and Chen, AT and Suurkuusk, J and Wadso, I},
  journal={Acta Chemica Scandinavica},
  volume={36},
  number={9},
  year={1982}
}

@article{barone1990enthalpies,
  title={Enthalpies and entropies of sublimation, vaporization and fusion of nine polyhydric alcohols},
  author={Barone, Guido and Della Gatta, Giuseppe and Ferro, Daniela and Piacente, Vincenzo},
  journal={Journal of the Chemical Society, Faraday Transactions},
  volume={86},
  number={1},
  pages={75--79},
  year={1990},
  publisher={Royal Society of Chemistry}
}

@article{bastos1988thermodynamic,
  title={Thermodynamic properties of glycerol enthalpies of combustion and vaporization and the heat capacity at 298.15 {K. E}nthalpies of solution in water at 288.15, 298.15, and 308.15 {K}},
  author={Bastos, Margarida and Nilsson, Sven-Ove and da Silva, Maria DMC Ribeiro and da Silva, Manuel AV Ribeiro and Wads{\"o}, Ingemar},
  journal={The Journal of Chemical Thermodynamics},
  volume={20},
  number={11},
  pages={1353--1359},
  year={1988},
  publisher={Elsevier}
}

@article{lopes2006determination,
  title={Determination of the Enthalpy of Solute- Solvent Interaction from the Enthalpy of Solution: Aqueous Solutions of Erythritol and l-Threitol},
  author={Lopes Jesus, AJ and Tom{\'e}, Luciana IN and Eus{\'e}bio, M Ermelinda S and Redinha, JS},
  journal={The Journal of Physical Chemistry B},
  volume={110},
  number={18},
  pages={9280--9285},
  year={2006},
  publisher={ACS Publications}
}

@article{wang2013measurement,
  title={Measurement and correlation of solubility of xylitol in binary water + ethanol solvent mixtures between 278.00 {K} and 323.00 {K}},
  author={Wang, Zhanzhong and Wang, Qian and Liu, Xiangshan and Fang, Wenzhi and Li, Yan and Xiao, Huazhi},
  journal={Korean Journal of Chemical Engineering},
  volume={30},
  number={4},
  pages={931--936},
  year={2013},
  publisher={Springer}
}

@article{nichols1976thermochemistry,
  title={Thermochemistry of solutions of biochemical model compounds 6. $\alpha$, $\omega$-dicarboxylic acids,-diamines, and-diols in aqueous solution},
  author={Nichols, N and Sk{\"o}ld, R and Spink, C and Wads{\"o}, I},
  journal={The Journal of Chemical Thermodynamics},
  volume={8},
  number={10},
  pages={993--999},
  year={1976},
  publisher={Elsevier}
}

@article{butler1937energy,
  title={The energy and entropy of hydration of organic compounds},
  author={Butler, JAV},
  journal={Transactions of the Faraday Society},
  volume={33},
  pages={229--236},
  year={1937},
  publisher={Royal Society of Chemistry}
}

@article{dipaola1977polyol,
  title={Polyol--Water interactions. {A}pparent molal heat capacities and volumes of aqueous polyol solutions},
  author={DiPaola, Giuseppa and Belleau, Bernard},
  journal={Canadian Journal of Chemistry},
  volume={55},
  number={22},
  pages={3825--3830},
  year={1977},
  publisher={NRC Research Press}
}

@article{chavez1997hydrostatic,
  title={The hydrostatic and hydrodynamic volumes of polyols in aqueous solutions and their sweet taste},
  author={Chavez, Atala Lopez and Birch, Gordon G},
  journal={Chemical Senses},
  volume={22},
  number={2},
  pages={149--161},
  year={1997},
  publisher={Oxford University Press}
}

@article{plyasunov2006corresponding,
  title={Corresponding-states correlations for estimating partial molar volumes of nonelectrolytes at infinite dilution in water over extended temperature and pressure ranges},
  author={Plyasunov, AV and Shock, EL and O’Connell, JP},
  journal={Fluid Phase Equilibria},
  volume={247},
  number={1},
  pages={18--31},
  year={2006},
  publisher={Elsevier}
}

@article{da2013thermochemistry,
  title={Thermochemistry of $\alpha$-D-xylose (cr)},
  author={da Silva, Manuel AV Ribeiro and da Silva, Maria DMC Ribeiro and Ferreira, Ana IMC Lobo and Shi, Quan and Woodfield, Brian F and Goldberg, Robert N},
  journal={The Journal of Chemical Thermodynamics},
  volume={58},
  pages={20--28},
  year={2013},
  publisher={Elsevier}
}

@article{verevkin20091,
  title={1, 2-Propanediol. Comprehensive experimental and theoretical study},
  author={Verevkin, Sergey P and Emel’yanenko, Vladimir N and Nell, Gernot},
  journal={The Journal of Chemical Thermodynamics},
  volume={41},
  number={10},
  pages={1125--1131},
  year={2009},
  publisher={Elsevier}
}

@article{verevkin2004determination,
  title={Determination of vapor pressures and enthalpies of vaporization of 1, 2-alkanediols},
  author={Verevkin, Sergey P},
  journal={Fluid Phase Equilibria},
  volume={224},
  number={1},
  pages={23--29},
  year={2004},
  publisher={Elsevier}
}

@article{tewari1996thermodynamics,
  title={Thermodynamics of reactions catalyzed byL-iditol 2-dehydrogenase: the xylose assimilation pathway},
  author={Tewari, Yadu B and Goldberg, Robert N},
  journal={The Journal of Chemical Thermodynamics},
  volume={28},
  number={10},
  pages={1127--1144},
  year={1996},
  publisher={Elsevier}
}

@article{chao1986thermodynamic,
  title={{Thermodynamic properties of key organic oxygen compounds in the carbon range C1 to C4. Part 2. Ideal gas properties}},
  author={Chao, Jing and Hall, Kenneth R and Marsh, Kenneth N and Wilhoit, Randolph C},
  journal={Journal of Physical and Chemical Reference Data},
  volume={15},
  number={4},
  pages={1369--1436},
  year={1986},
  publisher={NIST}
}

@article{verevkin2015thermodynamic,
  title={Thermodynamic properties of glycerol: Experimental and theoretical study},
  author={Verevkin, Sergey P and Zaitsau, Dzmitry H and Emel’yanenko, Vladimir N and Zhabina, Aleksandra A},
  journal={Fluid Phase Equilibria},
  volume={397},
  pages={87--94},
  year={2015},
  publisher={Elsevier}
}

@article{maham1994densities,
  title={Densities, excess molar volumes, and partial molar volumes for binary mixtures of water with monoethanolamine, diethanolamine, and triethanolamine from 25 to 80$^{\circ}${C}},
  author={Maham, Yadollah and Teng, Tjoon T and Hepler, Loren G and Mather, Alan E},
  journal={Journal of Solution Chemistry},
  volume={23},
  number={2},
  pages={195--205},
  year={1994},
  publisher={Springer}
}

@article{mccollom2005thermodynamic,
  title={A thermodynamic assessment of energy requirements for biomass synthesis by chemolithoautotrophic micro-organisms in oxic and anoxic environments},
  author={McCollom, TM and Amend, JP},
  journal={Geobiology},
  volume={3},
  number={2},
  pages={135--144},
  year={2005},
  publisher={Wiley Online Library}
}

@article{shock1990calculation,
  title={Calculation of the thermodynamic and transport properties of aqueous species at high pressures and temperatures: Standard partial molal properties of organic species},
  author={Shock, Everett L and Helgeson, Harold C},
  journal={Geochimica et Cosmochimica Acta},
  volume={54},
  number={4},
  pages={915--945},
  year={1990},
  publisher={Elsevier}
}

@article{ben1984solvation,
  title={Solvation thermodynamics of nonionic solutes},
  author={Ben-Naim, A and Marcus, Y},
  journal={The Journal of Chemical Physics},
  volume={81},
  number={4},
  pages={2016--2027},
  year={1984},
  publisher={AIP}
}

@article{pliego2000new,
  title={New values for the absolute solvation free energy of univalent ions in aqueous solution},
  author={Pliego, Josefredo R and Riveros, Jos{\'e} M},
  journal={Chemical Physics Letters},
  volume={332},
  number={5},
  pages={597--602},
  year={2000},
  publisher={Elsevier}
}

@article{hamborg2009dissociation,
  title={Dissociation constants and thermodynamic properties of amines and alkanolamines from (293 to 353) {K}},
  author={Hamborg, Espen S and Versteeg, Geert F},
  journal={Journal of Chemical \& Engineering Data},
  volume={54},
  number={4},
  pages={1318--1328},
  year={2009},
  publisher={ACS Publications}
}

@article{bates1951acidic,
  title={Acidic dissociation constant and related thermodynamic quantities for monoethanolammonium ion in water from 0 to 50$^{\circ}${C}},
  author={Bates, Roger G and Pinching, Gladys D},
  journal={Journal of Research of the National Bureau of Standards},
  volume={46},
  number={5},
  pages={349--352},
  year={1951}
}

@article{inouye1968prediction,
  title={On the prediction of pKa values of amino sugars},
  author={INOUYE, SHIGEHARU},
  journal={Chemical and Pharmaceutical Bulletin},
  volume={16},
  number={6},
  pages={1134--1137},
  year={1968},
  publisher={The Pharmaceutical Society of Japan}
}

@article{dehn1917comparative,
  title={COMPARATIVE SOLUBILITIES IN WATER, IN PYRIDINE AND IN AQUEOUS PYRIDINE},
  author={Dehn, William M},
  journal={Journal of the American Chemical Society},
  volume={39},
  number={7},
  pages={1399--1404},
  year={1917},
  publisher={ACS Publications}
}

@book{yaws1997handbook,
  title={Handbook of chemical compound data for process safety},
  author={Yaws, Carl L},
  year={1997},
  publisher={Gulf Professional Publishing}
}

@article{boyer2018thermodynamic,
  title={Thermodynamic modeling of lipid adaptation in thermophilic microbes},
  author={Boyer, Grayson and Shock, Everett},
  year={2018},
}

@article{talbot2005bacteriohopanepolyols,
  title={Bacteriohopanepolyols in hydrothermal vent biogenic silicates},
  author={Talbot, Helen M and Farrimond, Paul and Schaeffer, Philippe and Pancost, Richard D},
  journal={Organic Geochemistry},
  volume={36},
  number={4},
  pages={663--672},
  year={2005},
  publisher={Elsevier}
}

@article{talbot2007rapid,
  title={Rapid structural elucidation of composite bacterial hopanoids by atmospheric pressure chemical ionisation liquid chromatography/ion trap mass spectrometry},
  author={Talbot, Helen M and Rohmer, Michel and Farrimond, Paul},
  journal={Rapid Communications in Mass Spectrometry},
  volume={21},
  number={6},
  pages={880--892},
  year={2007},
  publisher={Wiley Online Library}
}

@article{talbot2007structural,
  title={Structural characterisation of unsaturated bacterial hopanoids by atmospheric pressure chemical ionisation liquid chromatography/ion trap mass spectrometry},
  author={Talbot, Helen M and Rohmer, Michel and Farrimond, Paul},
  journal={Rapid Communications in Mass Spectrometry},
  volume={21},
  number={10},
  pages={1613--1622},
  year={2007},
  publisher={Wiley Online Library}
}

@article{talbot2003atmospheric,
  title={Atmospheric pressure chemical ionisation reversed-phase liquid chromatography/ion trap mass spectrometry of intact bacteriohopanepolyols},
  author={Talbot, Helen M and Squier, Angela H and Keely, Brendan J and Farrimond, Paul},
  journal={Rapid Communications in Mass Spectrometry},
  volume={17},
  number={7},
  pages={728--737},
  year={2003},
  publisher={Wiley Online Library}
}

@article{talbot2003characteristic,
  title={Characteristic fragmentation of bacteriohopanepolyols during atmospheric pressure chemical ionisation liquid chromatography/ion trap mass spectrometry},
  author={Talbot, Helen M and Summons, Roger and Jahnke, Linda and Farrimond, Paul},
  journal={Rapid Communications in Mass Spectrometry},
  volume={17},
  number={24},
  pages={2788--2796},
  year={2003},
  publisher={Wiley Online Library}
}

@article{talbot2008cyanobacterial,
  title={Cyanobacterial bacteriohopanepolyol signatures from cultures and natural environmental settings},
  author={Talbot, Helen M and Summons, Roger E and Jahnke, Linda L and Cockell, Charles S and Rohmer, Michel and Farrimond, Paul},
  journal={Organic Geochemistry},
  volume={39},
  number={2},
  pages={232--263},
  year={2008},
  publisher={Elsevier}
}

@article{seifert1978first,
  title={First proof of structure of a C28-pentacyclic triterpane in petroleum},
  author={Seifert, Wolfgang K and Moldowan, J Michael and Smith, GW and Whitehead, EV},
  journal={Nature},
  volume={271},
  number={5644},
  pages={436},
  year={1978},
  publisher={Nature Publishing Group}
}

@article{sverjensky2014water,
  title={Water in the deep {E}arth: the dielectric constant and the solubilities of quartz and corundum to 60 kb and 1200 $^{\circ}${C}},
  author={Sverjensky, Dimitri A and Harrison, Brandon and Azzolini, David},
  journal={Geochimica et Cosmochimica Acta},
  volume={129},
  pages={125--145},
  year={2014},
  publisher={Elsevier}
}

@article{shock1992calculation,
  title={Calculation of the thermodynamic properties of aqueous species at high pressures and temperatures. Effective electrostatic radii, dissociation constants and standard partial molal properties to 1000$^{\circ}${C} and 5 kbar},
  author={Shock, Everett L and Oelkers, Eric H and Johnson, James W and Sverjensky, Dimitri A and Helgeson, Harold C},
  journal={Journal of the Chemical Society, Faraday Transactions},
  volume={88},
  number={6},
  pages={803--826},
  year={1992},
  publisher={The Royal Society of Chemistry}
}

@article{sollich2017heat,
  title={Heat Stress Dictates Microbial Lipid Composition along a Thermal Gradient in Marine Sediments},
  author={Sollich, Miriam and Yoshinaga, Marcos Y and H{\"a}usler, Stefan and Price, Roy E and Hinrichs, Kai-Uwe and B{\"u}hring, Solveig I},
  journal={Frontiers in Microbiology},
  volume={8},
  pages={1550},
  year={2017},
  publisher={Frontiers}
}

@article{summons1992methylhopanoids,
  title={2-{M}ethylhopanoids as biomarkers for cyanobacterial oxygenic photosynthesis},
  author={Summons, Roger E and Jahnke, Linda L and Hope, Janet M and Logan, Graham A},
  journal={Nature},
  volume={400},
  number={6744},
  pages={554--557},
  year={1999},
  publisher={Nature Publishing Group}
}

@article{belin2018hopanoid,
  title={Hopanoid lipids: from membranes to plant--bacteria interactions},
  author={Belin, Brittany J and Busset, Nicolas and Giraud, Eric and Molinaro, Antonio and Silipo, Alba and Newman, Dianne K},
  journal={Nature Reviews Microbiology},
  volume={16},
  pages={304--315},
  year={2018},
  publisher={Nature Publishing Group}
}

@article{van2008membrane,
  title={Membrane lipids: where they are and how they behave},
  author={van Meer, Gerrit and Voelker, Dennis R and Feigenson, Gerald W},
  journal={Nature Reviews Molecular Cell Biology},
  volume={9},
  number={2},
  pages={112},
  year={2008},
  publisher={Nature Publishing Group}
}

@article{marlowe1984long,
  title={Long chain (n-{C37--C39}) alkenones in the \textit{Prymnesiophyceae}. {D}istribution of alkenones and other lipids and their taxonomic significance},
  author={Marlowe, IT and Green, JC and Neal, AC and Brassell, SC and Eglinton, G and Course, PA},
  journal={British Phycological Journal},
  volume={19},
  number={3},
  pages={203--216},
  year={1984},
  publisher={Taylor \& Francis}
}

@article{schouten2000widespread,
  title={Widespread occurrence of structurally diverse tetraether membrane lipids: evidence for the ubiquitous presence of low-temperature relatives of hyperthermophiles},
  author={Schouten, Stefan and Hopmans, Ellen C and Pancost, Richard D and Damst{\'e}, Jaap S Sinninghe},
  journal={Proceedings of the National Academy of Sciences},
  volume={97},
  number={26},
  pages={14421--14426},
  year={2000},
  publisher={National Academy of Sciences}
}

@article{pearson2004nonmarine,
  title={Nonmarine crenarchaeol in {N}evada hot springs},
  author={Pearson, A and Huang, Z and Ingalls, AE and Romanek, CS and Wiegel, J and Freeman, KH and Smittenberg, RH and Zhang, CL},
  journal={Applied and Environmental Microbiology},
  volume={70},
  number={9},
  pages={5229--5237},
  year={2004},
  publisher={American Society for Microbiology}
}

@article{schouten2002distributional,
  title={Distributional variations in marine crenarchaeotal membrane lipids: a new tool for reconstructing ancient sea water temperatures?},
  author={Schouten, Stefan and Hopmans, Ellen C and Schefu{\ss}, Enno and Damste, Jaap S Sinninghe},
  journal={Earth and Planetary Science Letters},
  volume={204},
  number={1-2},
  pages={265--274},
  year={2002},
  publisher={Elsevier}
}

@article{tierney2012gdgt,
  title={{GDGT} thermometry: Lipid tools for reconstructing paleotemperatures},
  author={Tierney, Jessica E},
  journal={The Paleontological Society Papers},
  volume={18},
  pages={115--132},
  year={2012},
  publisher={Cambridge University Press}
}

@article{ricci2014diverse,
  title={Diverse capacity for 2-methylhopanoid production correlates with a specific ecological niche},
  author={Ricci, Jessica N and Coleman, Maureen L and Welander, Paula V and Sessions, Alex L and Summons, Roger E and Spear, John R and Newman, Dianne K},
  journal={The ISME journal},
  volume={8},
  number={3},
  pages={675--684},
  year={2014},
  publisher={Nature Publishing Group}
}

@article{rashby2007biosynthesis,
  title={Biosynthesis of 2-methylbacteriohopanepolyols by an anoxygenic phototroph},
  author={Rashby, Sky E and Sessions, Alex L and Summons, Roger E and Newman, Dianne K},
  journal={Proceedings of the National Academy of Sciences},
  volume={104},
  number={38},
  pages={15099--15104},
  year={2007},
  publisher={National Acad Sciences}
}

@book{likens2010biogeochemistry,
  title={Biogeochemistry of inland waters},
  author={Likens, Gene E},
  year={2010},
  publisher={Academic Press}
}

@article{schubotz2009detection,
  title={Detection of microbial biomass by intact polar membrane lipid analysis in the water column and surface sediments of the {Black Sea}},
  author={Schubotz, Florence and Wakeham, Stuart G and Lipp, Julius S and Fredricks, Helen F and Hinrichs, Kai-Uwe},
  journal={Environmental Microbiology},
  volume={11},
  number={10},
  pages={2720--2734},
  year={2009},
  publisher={Wiley Online Library}
}

@phdthesis{schroder2015intact,
  title={Intact polar lipids in marine sediments: improving analytical protocols and assessing planktonic and benthic sources},
  author={Schr{\"o}der, Jan Martin},
  year={2015},
  school={Staats-und Universit{\"a}tsbibliothek Bremen}
}

@article{huguet2010changes,
  title={Changes in intact membrane lipid content of archaeal cells as an indication of metabolic status},
  author={Huguet, Carme and Urakawa, Hidetoshi and Martens-Habbena, Willm and Truxal, Laura and Stahl, David A and Ingalls, Anitra E},
  journal={Organic Geochemistry},
  volume={41},
  number={9},
  pages={930--934},
  year={2010},
  publisher={Elsevier}
}

@article{boyd2011temperature,
  title={Temperature and p{H} controls on glycerol dibiphytanyl glycerol tetraether lipid composition in the hyperthermophilic crenarchaeon \textit{Acidilobus sulfurireducens}},
  author={Boyd, Eric S and Pearson, Ann and Pi, Yundan and Li, Wen-Jun and Zhang, Yi Ge and He, Liu and Zhang, Chuanlun L and Geesey, Gill G},
  journal={Extremophiles},
  volume={15},
  number={1},
  pages={59--65},
  year={2011},
  publisher={Springer}
}

@article{wu2013impacts,
  title={{Impacts of temperature and pH on the distribution of archaeal lipids in Yunnan hot springs, China}},
  author={Wu, Weiyan and Zhang, Chuanlun and Wang, Huanye and He, Liu and Li, Wenjun and Dong, Hailiang},
  journal={Frontiers in Microbiology},
  volume={4},
  pages={312},
  year={2013},
  publisher={Frontiers}
}

@article{pearson2008factors,
  title={Factors controlling the distribution of archaeal tetraethers in terrestrial hot springs},
  author={Pearson, Ann and Pi, Yundan and Zhao, Weidong and Li, WenJun and Li, Yiliang and Inskeep, William and Perevalova, Anna and Romanek, Christopher and Li, Shuguang and Zhang, Chuanlun L},
  journal={Applied and Environmental Microbiology},
  volume={74},
  number={11},
  pages={3523--3532},
  year={2008},
  publisher={Am Soc Microbiol}
}



@incollection{silipo2010lipopolysaccharides,
author="Silipo, Alba
and De Castro, Cristina
and Lanzetta, Rosa
and Parrilli, Michelangelo
and Molinaro, Antonio",
editor="K{\"o}nig, Helmut
and Claus, Harald
and Varma, Ajit",
title="Lipopolysaccharides",
bookTitle="Prokaryotic Cell Wall Compounds: Structure and Biochemistry",
year="2010",
publisher="Springer Berlin Heidelberg",
address="Berlin, Heidelberg",
pages="133--153"
}


@article{di2014thermophiles,
  title={Thermophiles as Potential Source of Novel Endotoxin Antagonists: the Full Structure and Bioactivity of the Lipo-oligosaccharide from \textit{Thermomonas hydrothermalis}},
  author={Di Lorenzo, Flaviana and Paciello, Ida and Fazio, Luigi Lembo and Albuquerque, Luciana and Sturiale, Luisa and da Costa, Milton S and Lanzetta, Rosa and Parrilli, Michelangelo and Garozzo, Domenico and Bernardini, Maria Lina and Silipo, Dott. Alba and Molinaro, Antonio},
  journal={ChemBioChem},
  volume={15},
  number={14},
  pages={2146--2155},
  year={2014},
  publisher={Wiley Online Library}
}

@article{cooke2008bacterial,
  title={Bacterial populations recorded in bacteriohopanepolyol distributions in soils from Northern England},
  author={Cooke, Martin P and Talbot, Helen M and Farrimond, Paul},
  journal={Organic Geochemistry},
  volume={39},
  number={9},
  pages={1347--1358},
  year={2008},
  publisher={Elsevier}
}

@article{van2012bacteriohopanepolyol,
  title={Bacteriohopanepolyol signatures as markers for methanotrophic bacteria in peat moss},
  author={van Winden, Julia F and Talbot, Helen M and Kip, Nardy and Reichart, Gert-Jan and Pol, Arjan and McNamara, Niall P and Jetten, Mike SM and den Camp, Huub JM Op and Damste, Jaap S Sinninghe},
  journal={Geochimica et Cosmochimica Acta},
  volume={77},
  pages={52--61},
  year={2012},
  publisher={Elsevier}
}

@article{welander2012identification,
  title={Identification and characterization of \textit{Rhodopseudomonas palustris} {TIE-1} hopanoid biosynthesis mutants},
  author={Welander, Paula V and Doughty, David M and WU, C-H and Mehay, Sabine and Summons, Roger E and Newman, Dianne K},
  journal={Geobiology},
  volume={10},
  number={2},
  pages={163--177},
  year={2012},
  publisher={Wiley Online Library}
}

@article{shock1988calculation,
  title={Calculation of the thermodynamic and transport properties of aqueous species at high pressures and temperatures: Correlation algorithms for ionic species and equation of state predictions to 5 kb and 1000$^{\circ}${C}},
  author={Shock, Everett L and Helgeson, Harold C},
  journal={Geochimica et Cosmochimica Acta},
  volume={52},
  number={8},
  pages={2009--2036},
  year={1988},
  publisher={Elsevier}
}

@article{blumenberg2012novel,
  title={Novel findings on hopanoid occurrences among sulfate reducing bacteria: Is there a direct link to nitrogen fixation?},
  author={Blumenberg, Martin and Hoppert, Michael and Kr{\"u}ger, Martin and Dreier, Anne and Thiel, Volker},
  journal={Organic Geochemistry},
  volume={49},
  pages={1--5},
  year={2012},
  publisher={Elsevier}
}

@article{bradley2010adenosylhopane,
  title={Adenosylhopane: the first intermediate in hopanoid side chain biosynthesis},
  author={Bradley, Alexander S and Pearson, Ann and S{\'a}enz, James P and Marx, Christopher J},
  journal={Organic Geochemistry},
  volume={41},
  number={10},
  pages={1075--1081},
  year={2010},
  publisher={Elsevier}
}

@article{talbot2005bacteriohopanepolyols,
  title={Bacteriohopanepolyols in hydrothermal vent biogenic silicates},
  author={Talbot, Helen M and Farrimond, Paul and Schaeffer, Philippe and Pancost, Richard D},
  journal={Organic Geochemistry},
  volume={36},
  number={4},
  pages={663--672},
  year={2005},
  publisher={Elsevier}
}

@article{schaeffer2008acid,
  title={Acid-catalyzed formation of 32, 35-anhydrobacteriohopanetetrol from bacteriohopanetetrol},
  author={Schaeffer, Philippe and Schmitt, Gaby and Adam, Pierre and Rohmer, Michel},
  journal={Organic Geochemistry},
  volume={39},
  number={10},
  pages={1479--1482},
  year={2008},
  publisher={Elsevier}
}

@article{liu2014ribosylhopane,
  title={Ribosylhopane, a novel bacterial hopanoid, as precursor of {C35} bacteriohopanepolyols in \textit{Streptomyces coelicolor} {A3} (2)},
  author={Liu, Wenjun and Sakr, Elias and Schaeffer, Philippe and Talbot, Helen M and Donisi, Janina and H{\"a}rtner, Thomas and Kannenberg, Elmar and Takano, Eriko and Rohmer, Michel},
  journal={ChemBioChem},
  volume={15},
  number={14},
  pages={2156--2161},
  year={2014},
  publisher={Wiley Online Library}
}

@article{poger2013relative,
  title={The relative effect of sterols and hopanoids on lipid bilayers: when comparable is not identical},
  author={Poger, David and Mark, Alan E},
  journal={The Journal of Physical Chemistry B},
  volume={117},
  number={50},
  pages={16129--16140},
  year={2013},
  publisher={ACS Publications}
}

@article{poralla1980glycolipid,
  title={A glycolipid containing hopane isolated from the acidophilic, thermophilic \textit{Bacillus acidocaldarius}, has a cholesterol-like function in membranes},
  author={Poralla, K and Kannenberg, E and Blume, A},
  journal={Federation of European Biochemical Societies letters},
  volume={113},
  number={1},
  pages={107--110},
  year={1980},
  publisher={Wiley Online Library}
}

@article{poralla1984effect,
  title={Effect of temperature and pH on the hopanoid content of \textit{Bacillus acidocaldarius}},
  author={Poralla, Karl and H{\"a}rtner, Thomas and Kannenberg, Elmar},
  journal={FEMS Microbiology Letters},
  volume={23},
  number={2-3},
  pages={253--256},
  year={1984},
  publisher={Blackwell Publishing Ltd Oxford, UK}
}

@article{welander2009hopanoids,
  title={Hopanoids play a role in membrane integrity and {pH} homeostasis in \textit{Rhodopseudomonas palustris} {TIE-1}},
  author={Welander, Paula V and Hunter, Ryan C and Zhang, Lichun and Sessions, Alex L and Summons, Roger E and Newman, Dianne K},
  journal={Journal of Bacteriology},
  volume={191},
  number={19},
  pages={6145--6156},
  year={2009},
  publisher={Am Soc Microbiol}
}

@article{schmerk2011hopanoid,
  title={Hopanoid production is required for low-p{H} tolerance, antimicrobial resistance, and motility in \textit{Burkholderia cenocepacia}},
  author={Schmerk, Crystal L and Bernards, Mark A and Valvano, Miguel A},
  journal={Journal of Bacteriology},
  volume={193},
  number={23},
  pages={6712--6723},
  year={2011},
  publisher={Am Soc Microbiol}
}

@article{bringer1985influence,
  title={Influence of ethanol on the hopanoid content and the fatty acid pattern in batch and continuous cultures of \textit{Zymomonas mobilis}},
  author={Bringer, Stephanie and H{\"a}rtner, Thomas and Poralla, Karl and Sahm, Hermann},
  journal={Archives of Microbiology},
  volume={140},
  number={4},
  pages={312--316},
  year={1985},
  publisher={Springer}
}

@article{berry1993hopanoid,
  title={Hopanoid lipids compose the \textit{Frankia} vesicle envelope, presumptive barrier of oxygen diffusion to nitrogenase},
  author={Berry, AM and Harriott, OT and Moreau, RA and Osman, SF and Benson, DR and Jones, AD},
  journal={Proceedings of the National Academy of Sciences},
  volume={90},
  number={13},
  pages={6091--6094},
  year={1993},
  publisher={National Acad Sciences}
}

@article{poralla2000hopanoids,
  title={Hopanoids are formed during transition from substrate to aerial hyphae in \textit{Streptomyces coelicolor} {A3} (2)},
  author={Poralla, Karl and Muth, G{\"u}nther and H{\"a}rtner, Thomas},
  journal={FEMS Microbiology Letters},
  volume={189},
  number={1},
  pages={93--95},
  year={2000},
  publisher={Blackwell Publishing Ltd Oxford, UK}
}

@article{newman2016cellular,
  title={Cellular and molecular biological approaches to interpreting ancient biomarkers},
  author={Newman, Dianne K and Neubauer, Cajetan and Ricci, Jessica N and Wu, Chia-Hung and Pearson, Ann},
  journal={Annual Review of Earth and Planetary Sciences},
  volume={44},
  pages={493--522},
  year={2016},
  publisher={Annual Reviews}
}

@article{lightfoot1988expression,
  title={Expression of the \textit{Escherichia coli} glutamate dehydrogenase gene in the cyanobacterium \textit{Synechococcus} {PCC6301} causes ammonium tolerance},
  author={Lightfoot, DA and Baron, AJ and Wootton, JC},
  journal={Plant Molecular Biology},
  volume={11},
  number={3},
  pages={335--344},
  year={1988},
  publisher={Springer}
}

@article{plyasunov2000thermodynamic,
  title={{Thermodynamic functions of hydration of hydrocarbons at 298.15 K and 0.1 MPa}},
  author={Plyasunov, Andrey V and Shock, Everett L},
  journal={Geochimica et Cosmochimica Acta},
  volume={64},
  number={3},
  pages={439--468},
  year={2000},
  publisher={Elsevier}
}

@article{kiran2005cis,
  title={Cis--trans isomerase gene in psychrophilic \textit{Pseudomonas syringae} is constitutively expressed during growth and under conditions of temperature and solvent stress},
  author={Kiran, Madanahally D and Annapoorni, Sampath and Suzuki, Iwane and Murata, Norio and Shivaji, Sisinthy},
  journal={Extremophiles},
  volume={9},
  number={2},
  pages={117--125},
  year={2005},
  publisher={Springer}
}

@article{halverson2000differential,
  title={Differential Effects of Permeating and Nonpermeating Solutes on the Fatty Acid Composition of \textit{Pseudomonas putida}},
  author={Halverson, Larry J and Firestone, Mary K},
  journal={Applied and Environmental Microbiology},
  volume={66},
  number={6},
  pages={2414--2421},
  year={2000},
  publisher={Am Soc Microbiol}
}

@article{guschina2006lipids,
  title={Lipids and lipid metabolism in eukaryotic algae},
  author={Guschina, Irina A and Harwood, John L},
  journal={Progress in Lipid Research},
  volume={45},
  number={2},
  pages={160--186},
  year={2006},
  publisher={Elsevier}
}

@incollection{wada2009lipids,
  title={Lipids in thylakoid membranes and photosynthetic cells},
  author={Wada, Hajime and Murata, Norio},
  editor={Wada, Hajime and Murata, Norio},
  booktitle={Lipids in Photosynthesis},
  pages={1--9},
  year={2009},
  publisher={Springer}
}



@article{daniel2000biomolecular,
  title={Biomolecular stability and life at high temperatures},
  author={Daniel, Roy M and Cowan, Don A},
  journal={Cellular and Molecular Life Sciences},
  volume={57},
  number={2},
  pages={250--264},
  year={2000},
  publisher={Springer}
}

@article{dick2011calculation,
  title={Calculation of the relative chemical stabilities of proteins as a function of temperature and redox chemistry in a hot spring},
  author={Dick, Jeffrey M and Shock, Everett L},
  journal={PLoS One},
  volume={6},
  number={8},
  pages={e22782},
  year={2011},
  publisher={Public Library of Science}
}

@article{dick2013metastable,
  title={A metastable equilibrium model for the relative abundances of microbial phyla in a hot spring},
  author={Dick, Jeffrey M and Shock, Everett L},
  journal={PLoS One},
  volume={8},
  number={9},
  pages={e72395},
  year={2013},
  publisher={Public Library of Science}
}

@article{zhang2008membrane,
  title={Membrane lipid homeostasis in bacteria},
  author={Zhang, Yong-Mei and Rock, Charles O},
  journal={Nature Reviews Microbiology},
  volume={6},
  number={3},
  pages={222--233},
  year={2008},
  publisher={Nature Publishing Group}
}

@article{zhu2005precursor,
  title={Precursor and temperature modulation of fatty acid composition and growth of \textit{Listeria monocytogenes} cold-sensitive mutants with transposon-interrupted branched-chain $\alpha$-keto acid dehydrogenase},
  author={Zhu, Kun and Bayles, Darrell O and Xiong, Anming and Jayaswal, RK and Wilkinson, Brian J},
  journal={Microbiology},
  volume={151},
  number={2},
  pages={615--623},
  year={2005},
  publisher={Microbiology Society}
}

@article{heipieper1996effect,
  title={Effect of Environmental Factors on the trans/cis Ratio of Unsaturated Fatty Acids in \textit{Pseudomonas putida} {S12}},
  author={Heipieper, Hermann J and Meulenbeld, Gerwin and van Oirschot, QUIRIEN and De Bont, J},
  journal={Applied and Environmental Microbiology},
  volume={62},
  number={8},
  pages={2773--2777},
  year={1996},
  publisher={American Society for Microbiology}
}

@article{jia2014differential,
  title={Differential temperature and p{H} controls on the abundance and composition of {H-GDGT}s in terrestrial hot springs},
  author={Jia, Chengling and Zhang, Chuanlun L and Xie, Wei and Wang, Jin-Xiang and Li, Fuyan and Wang, Shang and Dong, Hailiang and Li, Wenjun and Boyd, Eric S},
  journal={Organic Geochemistry},
  volume={75},
  pages={109--121},
  year={2014},
  publisher={Elsevier}
}

@article{boyd2013role,
  title={The role of tetraether lipid composition in the adaptation of thermophilic archaea to acidity},
  author={Boyd, Eric and Hamilton, Trinity and Wang, Jinxiang and He, Liu and Zhang, Chuanlun},
  journal={Frontiers in Microbiology},
  volume={4},
  pages={62},
  year={2013},
  publisher={Frontiers}
}

@article{benson1958additivity,
  title={Additivity rules for the estimation of molecular properties. {T}hermodynamic properties},
  author={Benson, Sidney W and Buss, Jerry H},
  journal={The Journal of Chemical Physics},
  volume={29},
  number={3},
  pages={546--572},
  year={1958},
  publisher={AIP}
}

@article{sugden1924cxlii,
  title={{CXLII.--A} relation between surface tension, density, and chemical composition},
  author={Sugden, Samuel},
  journal={Journal of the Chemical Society, Transactions},
  volume={125},
  pages={1177--1189},
  year={1924},
  publisher={Royal Society of Chemistry}
}

@article{cabani1977volume1,
  title={Volume changes in the proton ionization of amines in water. 2. {Amino} alcohols, amino ethers, and diamines},
  author={Cabani, S and Mollica, V and Lepori, L and Lobo, ST},
  journal={The Journal of Physical Chemistry},
  volume={81},
  number={10},
  pages={987--993},
  year={1977},
  publisher={ACS Publications}
}

@article{cabani1977volume2,
  title={Volume changes in the proton ionization of amines in water. 1. Morpholines and piperazines},
  author={Cabani, S and Mollica, V and Lepori, L and Lobo, ST},
  journal={The Journal of Physical Chemistry},
  volume={81},
  number={10},
  pages={982--987},
  year={1977},
  publisher={ACS Publications}
}

@article{amenabar2017microbial,
  title={Microbial substrate preference dictated by energy demand rather than supply},
  author={Amenabar, Maximiliano J and Shock, Everett L and Roden, Eric E and Peters, John W and Boyd, Eric S},
  journal={Nature Geoscience},
  volume={10},
  number={8},
  pages={577--581},
  year={2017},
  publisher={Nature Publishing Group}
}

@techreport{wolery2002eq3,
  title={EQ3/6-Software for Geochemical Modeling, Version 8.0},
  author={Wolery, TW},
  year={2002},
  institution={UCRL-CODE-2003-009, Lawrence Livermore National Laboratory, Livermore CA}
}